@inproceedings{ren2021design,
  title={Design and braking calculation of traveling device of gantry crane},
  author={Ren, Tao and Han, Yifeng and Chai, Xu and Xu, Kai and Jia, Jiangming},
  booktitle={2021 4th International Conference on Electronics and Electrical Engineering Technology},
  pages={261--266},
  year={2021}
}


@inproceedings{gupta2004simplified,
  title={Simplified open-loop anti-sway technique},
  author={Gupta, S and Bhowal, P},
  booktitle={Proceedings of the IEEE INDICON 2004. First India Annual Conference, 2004.},
  pages={225--228},
  year={2004},
  organization={IEEE}
}


@inproceedings{li2015data,
  title={Data Acquisition and Organization of Remote Monitoring System for Gantry Cranes},
  author={Li, ZF and Yang, GQ and Du, XS and Liu, X},
  booktitle={Machinery, Materials Science and Energy Engineering (ICMMSEE 2015) Proceedings of the 3rd International Conference},
  pages={257--265},
  year={2015},
  organization={World Scientific}
}

@article{arm2015real,
  title={Real-time Crane Control Via PC},
  author={Arm, Jakub},
  journal={Researchgate, May},
  year={2015}
}
